2264 2970
257 212 329 258 -14

263 321 494 371 silentur.
576 315 636 365 O.
661 311 876 367 1X.--;56
888 313 1074 360 .-‘158.
1140 310 1234 360 Sic
1263 321 1321 361 et
1354 314 1444 377 qui
1483 314 1739 365 laboranti
1773 315 2020 381 reipubli-

266 416 359 450 cae
385 397 581 447 mederi
609 394 751 451 velit,
786 391 1085 456 Apollinis,
1134 400 1398 458 tamquam
1423 393 1744 444 medicorum
1767 397 2022 462 principis

263 497 368 547 ope
401 477 622 539 indiget,
656 473 709 527 P,
733 472 822 524 IV.
857 474 969 521 480.
1006 474 1094 520 481
1115 508 1130 529 ‚
1176 473 1300 538 quia
1332 484 1612 523 concutere
1643 478 1907 524 civitatem
1938 474 2023 524 vel

265 557 628 608 imbecilliores
665 553 894 608 valeant3
944 567 1248 601 concussam
1282 553 1542 611 stabilire,
1578 555 1836 603 nisi-deus
1876 556 2025 611 adsit,

265 653 417 686 nemo
453 638 631 700 possit.
667 650 711 682 v.
736 634 1030 696 484—489.
1097 631 1296 682 Verum
1331 647 1437 680 non
1471 635 1671 696 ingenii
1701 634 1895 692 solum,
1931 632 2026 682 sed

264 722 417 775 etiam
452 717 608 762 animi
644 729 950 777 morumque
980 711 1209 777 probitas
1241 712 1461 762 deorum
1496 724 1576 761 est
1607 714 1817 762 donum.
1884 714 2030 762 Post-

262 814 417 865 quam
452 798 590 844 enim
635 794 1050 859 perniciosorum
1097 791 1423 841 adulatorum
1467 797 1755 858 nequitiam
1798 811 1917 842 cum
1951 798 2028 841 in-·

263 878 566 945 dignatione
599 872 898 940 perhorruit
931 878 1114 939 poeta,
1171 871 1414 939 precibus
1458 872 1567 924 adit
1611 873 1811 933 Iovem,
1873 891 1939 924 ne
1972 879 2028 924 in

263 972 367 1007 tam
403 956 617 1003 foedum
652 953 885 1001 incidere
922 969 977 1001 se
1011 957 1192 1002 vitium
1227 957 1476 1018 patiatur,
1522 955 1616 1003 sed
1650 964 1707 1004 ut
1738 956 2033 1021 simplicem

266 1054 489 1105 eumque
511 1046 709 1084 rectum
736 1050 792 1083 se
821 1034 977 1082 ducat
1000 1036 1271 1082 tramitem.
1339 1036 1406 1083 N.
1434 1036 1568 1083 VIII.
1608 1039 1814 1099 59-61.
1852 1037 2030 1096 Porro,

267 1138 426 1190 quum
459 1115 599 1165 P.11.
640 1118 745 1178 175.
797 1115 902 1177 176.
961 1112 1087 1162 deos
1133 1123 1305 1175 rogat,
1368 1125 1423 1163 ut
1471 1114 1620 1162 bonis
1667 1117 1887 1179 probato
1934 1117 2034 1165 sibi

266 1219 384 1255 cum
430 1200 509 1247 his
545 1198 719 1246 vivere
767 1195 1060 1257 contingat,
1117 1193 1244 1252 hoe,
1294 1197 1422 1260 quin
1468 1194 1535 1245 ad
1580 1211 1783 1244 morum
1830 1208 2034 1261 spectet

269 1278 690 1333 similitudinem,
725 1273 942 1323 dubium
975 1289 1083 1337 non
1117 1283 1209 1323 est.
1276 1274 1393 1324 Nec
1426 1284 1719 1341 temperare
1749 1277 1878 1325 mihi
1912 1289 2033 1344 posss

270 1379 408 1418 sum,
472 1361 600 1424 quin
631 1356 773 1403 illam
810 1354 955 1414 αἰδῶ,
1015 1370 1170 1420 quam
1216 1355 1277 1401 Ο.
1300 1356 1440 1404 XIII.
1482 1358 1587 1404 165.
1624 1356 1969 1421 Oligaethidis
2004 1376 2034 1411 a

274 1447 395 1493 Iove
423 1452 637 1488 exorare
666 1435 867 1493 studet,
901 1452 1020 1483 cum
1052 1434 1279 1483 Gurlitto
1310 1436 1375 1483 cle
1406 1453 1466 1483 ea
1492 1437 1850 1486 moderatione
1885 1442 2036 1488 intel-

274 1525 371 1587 ligi
404 1518 591 1574 velim,
641 1530 775 1580 quae
808 1514 944 1584 ὕβρει
991 1516 1262 1578 opposita,
1320 1531 1569 1562 summam
1608 1519 1810 1566 virtutis
1853 1518 2038 1569 Pinda-

277 1608 417 1652 ricae
453 1597 733 1646 constituit.
803 1594 856 1640 A
892 1593 1089 1641 scelere
1130 1596 1382 1642 immunes
1411 1594 1627 1643 deorum
1661 1612 1763 1661 ope
1789 1603 2041 1663 praestari

282 1683 549 1734 homines,
596 1674 792 1739 ubique
840 1673 980 1721 haud
1015 1673 1232 1721 obscure
1267 1677 1605 1738 praecipitur:
1656 1693 1755 1725 nec
1788 1678 2039 1729 Pindarus

280 1763 409 1814 tales
445 1758 571 1807 deos
605 1755 778 1810 novit,
814 1752 1000 1817 quibus
1036 1756 1307 1817 proprium
1342 1764 1395 1801 et
1425 1756 1689 1817 peculiare
1724 1761 1828 1819 εἰμι
1854 1772 2042 1810 morta-

282 1833 359 1890 les
388 1835 671 1888 sceleribus
706 1835 926 1890 irretire,
964 1832 1091 1891 ἄτην
1124 1842 1250 1896 puta
1285 1842 1337 1880 et
1371 1838 1649 1906 ἀλάστορα.
1716 1837 1907 1904 Neque
1933 1857 2040 1888 om-

284 1926 436 1975 nino,
490 1926 548 1963 ut
596 1912 1018 1961 Goetschelius
1070 1911 1204 1960 bene
1250 1912 1567 1971 observavit,
1629 1917 1762 1964 mala
1804 1917 1872 1967 ad
1912 1919 2038 1970 deos

285 2009 522 2049 auctores
556 1994 646 2041 ille
680 1990 864 2048 refert,
923 1989 1015 2037 sed
1058 1989 1165 2038 fato
1207 2001 1259 2038 et
1299 1995 1593 2041 necessitati
1628 1996 1902 2046 tribuenda
1935 2006 2041 2049 exi-

285 2083 483 2134 stimat,
542 2072 727 2139 quibus
768 2071 920 2129 deos,
979 2073 1020 2118 si
1056 2087 1158 2118 non
1192 2070 1475 2131 obnoxios,
1529 2084 1580 2122 at
1622 2086 1765 2125 certe
1797 2092 2040 2143 parentes

290 2175 409 2209 eum
457 2164 712 2211 statuere,
768 2152 907 2200 idem
944 2160 1084 2199 recte
1119 2150 1261 2199 vidit.
1354 2152 1602 2203 Attamen
1637 2159 1796 2208 iustos
1830 2176 2046 2229 quoque

290 2242 416 2289 deos
459 2237 774 2299 ultoresque,
806 2232 1056 2279 malorum
1105 2246 1134 2278 a
1173 2236 1330 2295 poeta
1363 2233 1623 2295 exhiberi,
1675 2254 1768 2287 suo
1815 2240 1934 2291 1000
1970 2248 2041 2292 vj-

289 2320 537 2368 debimus.
607 2314 664 2360 In
699 2314 962 2377 praesenti
999 2310 1125 2359 haec
1158 2310 1439 2372 sufficiant:
1486 2325 1660 2365 cetera
1678 2325 2040 2386 persequendi

292 2398 435 2448 brevi
468 2404 703 2458 tempore
738 2392 1099 2458 opportunitas
1133 2388 1391 2442 offeretur.

1937 2563 2042 2615 Sed
