2264 2970
290 198 348 236 12

283 291 421 345 ribus
454 286 703 336 Pindarus
739 283 1062 331 existimavit.
1132 279 1189 328 Si
1224 283 1341 346 quis
1379 283 1517 328 enim
1552 292 1761 347 sperat,
1808 281 1953 341 fore,
1987 295 2048 332 ut

283 358 482 435 aliquid
512 365 733 413 facturus
769 360 895 431 deos
937 361 1123 418 lateat,
1175 357 1387 415 fallitur.
1478 360 1540 407 Ο.
1569 361 1607 408 I.
1649 380 1761 427 192:
1804 363 2050 431 inprimis,

282 449 602 497 oraculorum
634 442 784 487 firma
817 444 1092 488 auctoritas
1127 438 1294 488 ubivis
1330 438 1572 497 docetur,
1608 458 1715 488 non
1741 446 1854 491 sine
1885 443 2044 493 vehe-

284 526 522 592 mentiori
555 520 745 571 studio.
821 518 949 569 -Vox
984 523 1122 583 enim
1164 517 1383 572 deorum
1417 530 1496 568 est
1529 520 1745 591 ψευδέων
1778 522 2048 587 ἄγνωστος,

282 608 341 660 Ο.
364 606 453 657 VI.
493 607 612 662 ηδ,
649 611 702 657 et
733 602 1040 662 nominatim
1063 600 1301 665 Neptuni
1335 605 1566 670 ἀρτιεπὴς
1578 638 1592 669 ,
1627 619 1671 651 v.
1698 607 1806 652 105.
1876 603 2053 669 Inpri-,

280 689 374 737 mis
403 684 602 751 Apollo
628 682 729 750 hoc
764 683 976 752 nomine
1007 681 1336 739 celebratur,
1405 681 1458 731 P.
1478 681 1565 737 III.
1603 686 1741 747 47⁶—
1762 687 1838 743 54,
1873 679 1926 733 et
1958 684 2053 746 IX.-

279 754 508 834 79—87:
544 771 705 830 (quos
741 761 1044 825 magnificos
1080 773 1131 811 et
1162 777 1291 826 prae
1339 765 1526 816 ceteris
1562 763 1867 828 splendidos
1901 766 2048 814 locos

274 847 375 903 huc
408 841 852 909 transscribendos
887 836 1156 907 putarem,
1214 844 1316 891 nisi
1351 841 1630 897 Pindarum
1683 846 1737 909 in
1787 846 2043 908 omnium,

275 930 365 997 qui
408 927 604 991 graecis
647 924 838 980 litteris
886 921 1088 978 favent,
1144 923 1381 975 manibus
1430 920 1573 979 fore,
1641 924 2045 992 nunc-denique

276 997 483 1083 sperare
515 1005 736 1074 liceret)
771 1002 999 1066 ideoque
1035 1007 1195 1068 σοφὸς
1222 1002 1379 1050 audit.
1423 1021 1467 1050 v.
1503 1005 1580 1050 88.

436 1164 552 1212 Nec
599 1165 767 1216 minus
819 1164 1031 1224 egregia
1079 1161 1297 1220 dixeris,
1365 1177 1500 1228 quae
1546 1162 1612 1209 de
1661 1162 1877 1213 deorum
1924 1178 2048 1229 erga

275 1245 519 1299 mortales
556 1242 880 1307 benignitate
919 1242 1330 1311 clementiaque,
1385 1259 1445 1291 ac
1482 1242 1548 1292 de
1589 1242 1833 1308 provida,
1890 1260 2049 1311 quam

273 1325 425 1389 rebus
462 1340 642 1375 eorum
675 1322 938 1393 tribuunt,
1001 1337 1124 1374 cura
1156 1333 1333 1372 noster
1375 1327 1579 1389 saepius
1614 1320 1833 1388 profert.
1915 1314 2050 1377 Sunt

274 1409 411 1464 enim
446 1404 664 1473 placidi,
719 1419 892 1470 neque
921 1400 1224 1463 confestim,
1278 1407 1321 1454 si
1356 1404 1486 1472 quid
1519 1406 1720 1461 incuria
1751 1404 2055 1468 neglectum

275 1481 362 1532 aut
396 1486 677 1533 admissum
712 1483 895 1541 fuerit,
931 1487 1006 1529 ira
1040 1495 1372 1540 exaestuant,
1427 1484 1521 1531 sed
1554 1487 1827 1545 ignoscere
1860 1488 2051 1541 sciunt,

275 1555 331 1633 ut
365 1583 428 1614 ex
458 1565 595 1615 Iovis
629 1551 960 1629 Palladisque
997 1566 1238 1629 exemplo
1275 1565 1452 1628 colligi
1484 1575 1688 1629 potest,
1754 1567 1873 1630 qui,
1920 1565 2049 1615 licet

276 1645 412 1696 Solis
451 1645 550 1693 filii
598 1643 682 1703 id,
742 1643 888 1711 quod
933 1646 989 1692 in
1036 1647 1192 1695 sacris
1235 1642 1490 1694 faciendis
1541 1648 1773 1712 omnium
1823 1647 2048 1703 max-ime

275 1741 407 1793 opus
442 1734 577 1784 erat,
628 1728 805 1788 ignem
838 1734 990 1791 puta,
1029 1738 1206 1779 secum
1242 1722 1382 1772 ferre
1419 1725 1571 1784 obliti
1613 1734 1814 1784 essent,
1875 1726 2050 1792 nihilo,

276 1797 444 1875 {ninus
482 1815 535 1853 et
575 1808 748 1870 ipsos,
805 1815 858 1854 et
900 1808 1239 1870 progeniem,
1293 1805 1559 1863 Rhodios,
1622 1822 1783 1872 quum
1822 1806 2044 1863 divitiis,

274 1897 386 1935 tum
428 1888 611 1937 artium
658 1888 877 1944 scientia
925 1895 1190 1937 auxerunt.
1268 1884 1328 1935 O.
1364 1884 1481 1935 VII.
1530 1887 1773 1951 82-94
1827 1884 2047 1944 Deinde

278 1984 374 2035 per
411 1966 537 2015 deos
566 1965 757 2019 multae
787 1965 973 2038 dantur
1001 1963 1266 2019 felicitatis
1293 1968 1436 2025 viae,
1480 1964 1699 2017 O..·VI³II.
1732 1984 1804 2031 17.
1836 1959 1918 2025 ιδ’,
1954 1967 2048 2033 qui

278 2050 445 2101 omnis
499 2049 703 2110 generis
751 2046 892 2097 bona
933 2046 1231 2097 hominibus
1282 2046 1538 2112 praebent
1563 2083 1580 2106 ,
1638 2063 1685 2096 v.
1731 2063 1777 2094 c.
1810 2045 2047 2104 divitias,

276 2121 331 2174 P.
355 2127 445 2178 111
486 2145 572 2190 19,
607 2126 813 2177 laudem
852 2137 904 2175 et
939 2128 1186 2189 gloriam,
1222 2126 1283 2175 O
1305 2126 1386 2174 X.
1407 2131 1632 2176 26-25.
1669 2127 2046 2195 Quamcunque

277 2207 517 2256 mortales
537 2223 693 2282 spem
723 2209 906 2255 animis
940 2207 1111 2278 alunt,
1148 2221 1260 2259 eam
1292 2205 1374 2261 illi
1412 2205 1480 2257 ad
1510 2211 1707 2277 exit-um
1736 2206 2046 2280 perducunt.

280 2286 340 2334 O.
355 2287 492 2334 XIII.
520 2291 622 2350 ¹47·
639 2289 714 2338 48
747 2287 1030 2352 Prosperos
1051 2286 1472 2346 dantsuccessus,
1494 2298 1739 2356 tanquam
1755 2294 2040 2360 opvaerec.

279 2367 335 2427 Ρ.
357 2367 393 2414 I.
434 2383 539 2430 ¹09·
574 2366 815 2419 Felicitas
852 2368 921 2418 ab
948 2368 1054 2416 illis
1086 2366 1327 2433 profecta
1356 2368 1547 2430 diutius
1574 2369 1762 2423 durat.-
1811 2369 1882 2424 N.
1899 2367 2040 2415 VIII.

282 2449 358 2498 28.
378 2465 456 2511 29.
490 2446 715 2496 Omnino
738 2447 1006 2497 hominum
1030 2464 1110 2497 res
1135 2448 1414 2520 diligenter
1442 2460 1637 2517 curant.
1707 2448 1932 2518 o.1.17q
1940 2450 2039 2511 -75,

1890 2527 2038 2577 Prae-
