2264 2970
1989 264 2047 295 11'

289 351 467 409 darum
502 368 734 407 secutum
768 372 881 406 esse
913 358 1218 422 perhibent,
1252 358 1442 421 placita
1468 357 1735 425 copiosius
1769 355 2042 415 illustrare,

290 440 517 489 alienum
549 437 612 488 ab
647 438 747 487 hoc
778 446 955 487 nostro
985 441 1257 503 proposito
1292 436 1509 487 videtur.
2038 431 2042 451 ²

452 597 817 664 Quaecumque
851 599 1007 661 igitur
1041 611 1225 660 magna
1259 605 1312 644 et
1367 597 1572 645 excelsa
1605 596 1672 644 de
1706 595 1805 644 diis
1839 595 2053 661 praedi-·

289 678 392 725 cari
427 686 668 741 possunt,
730 692 790 733 ea
815 677 1047 742 qualibet
1083 675 1256 725 oblata
1289 679 1678 740 opportunitate
1726 679 1798 723 ita
1839 675 2044 741 profert

288 765 459 812 vates,
508 765 564 803 ut
597 772 864 814 tsummurn
909 759 1065 803 animi
1100 756 1338 805 ardorem
1383 758 1437 802 in
1478 755 1777 805 reverendis
1825 759 1888 805 iis
1932 773 2043 805 non

291 838 458 898 possis
506 851 611 882 non
657 850 952 898 agnoscere.
1039 827 1280 898 Gaudent
1312 850 1550 900 suprema
1583 837 1846 900 potentia,
1904 852 2040 902 quae

292 914 437 961 nullo
472 915 692 976 'negotio
725 925 930 978 praeter
979 917 1279 979 opinionem
1313 914 1378 962 ad
1410 914 1569 963 finem
1603 914 1856 978 perducat
1889 915 2046 980 opus,¹

297 1003 350 1042 et
383 993 662 1050 eiusmodi,
699 1003 756 1041 ut
788 993 903 1041 fieri
930 997 1146 1059 nequire
1179 997 1426 1050 iurasses,
1480 992 1542 1040 O.
1558 993 1706 1051 XIII,
1748 990 2052 1060 116—118‚j'

297 1088 401 1138 quo
467 1072 679 1138 quidem
725 1075 1124 1137 pervicacissimi
1169 1073 1381 1122 deorum
1429 1073 1800 1122 obtrectatores
1860 1068 2051 1123 obmu-'

294 1164 493 1203 tescere
518 1162 781 1216 cogantur.
850 1152 955 1217 Ipsi
982 1168 1102 1202 vero
1131 1159 1332 1217 poetae,
1368 1152 1431 1201 ab
1451 1156 1591 1200 omni
1617 1152 1886 1203 dubitandi
1920 1166 2041 1220 pru-

296 1237 397 1281 ritu
433 1235 635 1289 alieno,
684 1233 815 1278 nihil
850 1249 1057 1296 prorsus
1091 1232 1350 1288 mirabile,
1393 1233 1525 1278 nihil
1558 1232 1865 1299 incredibile
1897 1229 2046 1283 vide-=

294 1316 400 1372 tur,
454 1311 841 1378 perficientibus
890 1310 1005 1360 diis.
1095 1311 1227 1359 P.X.
1261 1313 1488 1377 76—78.
1556 1312 1767 1361 Perficit
1799 1316 1939 1379 enim
1974 1304 2046 1364 εἰς’

294 1396 550 1442 sententia
584 1408 672 1441 sua
706 1392 831 1440 deus
864 1393 1064 1449 omnia,
1097 1407 1230 1456 quae
1263 1392 1371 1440 vult
1391 1428 1405 1447 ,
1472 1391 1526 1438 P.
1554 1391 1617 1439 11.
1654 1394 1731 1455 89.
1762 1410 1840 1456 90.
1877 1393 2039 1458 idque

293 1472 437 1519 nulla
469 1473 774 1535 interposita
806 1486 975 1528 mora,
1011 1479 1068 1518 ut
1102 1480 1154 1518 et
1186 1465 1325 1518 hodie
1353 1485 1613 1535 quemque
1647 1472 1941 1526 mortalium
1974 1473 2041 1523 ad

294 1567 549 1599 summum
570 1548 833 1599 Felicitatis
855 1548 1120 1612 Fastigium.
1138 1549 1387 1597 extollere
1411 1552 1589 1613 possit.
1657 1549 1711 1596 P.
1728 1550 1841 1597 XII.
1866 1540 2044 1600 51-53.

296 1632 549 1680 Celeriter
585 1632 722 1676 enim
757 1632 869 1691 agit
902 1626 1054 1685 deus,
1090 1631 1132 1676 si
1160 1628 1288 1693 quid
1323 1638 1496 1690 urget,
1544 1638 1597 1676 et
1631 1629 1931 1678 brevissima
1964 1635 2040 1678 in-

298 1709 438 1760 cedit
469 1711 581 1768 via,
635 1709 688 1756 P.
706 1708 792 1756 IX.
835 1727 946 1765 121,
983 1699 1179 1778 quippe
1213 1710 1303 1773 qui
1337 1708 1520 1756 alatam
1554 1708 1864 1774 adsequatur
1899 1716 2043 1776 aqui-

292 1791 420 1847 la'm,
479 1792 834 1854 marinumque
888 1786 1188 1852 delphinem
1234 1797 1532 1836 antevertat.
1609 1786 1663 1834 P.
1699 1787 1760 1836 ΙΙ.
1809 1781 2041 1856 91—94.

300 1873 538 1935 Inprimis
574 1879 745 1917 autem
779 1869 1000 1931 Iupiter,
1037 1871 1092 1914 in
1119 1883 1222 1932 quo
1258 1879 1442 1915 cuncta
1468 1868 1641 1915 divina
1667 1872 1815 1933 quasi
1849 1870 2044 1941 coales-

301 1955 449 2006 Cunt‚
487 1966 751 2014 supremus
778 1951 1004 1995 omnium
1039 1962 1209 1995 rerum
1236 1947 1472 1994 dominus
1502 1957 1579 1994 est
1604 1957 1759 2012 atque
1783 1940 2043 2011 magister,

302 2035 392 2099 qui
441 2031 553 2078 aliis
601 2029 700 2077 alia
743 2015 1057 2093 impertitur,
1124 2026 1164 2075 J.
1185 2027 1251 2075 V.
1298 2029 1373 2074 66.
1404 2029 1481 2090 67,
1536 2029 1627 2091 qui
1671 2027 1883 2091 quidem
1932 2026 2046 2078 solo*

300 2105 546 2161 caesariei
580 2120 709 2157 nutu
743 2108 951 2154 Siciliae
998 2109 1271 2168 imperium
1303 2106 1641 2169 Proserpinae
1685 2106 2046 2168 adsignaverit,

299 2193 368 2242 N.
397 2191 434 2239 I.
475 2191 606 2237 16-
626 2207 709 2239 22:
751 2198 807 2236 ut
840 2185 969 2235 adeo
1005 2197 1201 2233 summo
1235 2174 1346 2233 iure
1380 2202 1505 2249 prae
1539 2189 1723 2234 ceteris
1750 2187 2046 2237 numinibus

303 2272 407 2323 coli
438 2285 555 2320 eum
592 2284 620 2316 a
645 2266 825 2317 Pelide
859 2262 1305 2337 iusseritChiron.
1373 2264 1427 2313 P.
1445 2264 1534 2316 VI.
1574 2269 1793 2328 19-25.

432 2434 527 2479 His
543 2428 778 2479 addenda
795 2442 1000 2482 censeo,
1015 2433 1146 2490 quae
1164 2424 1229 2471 de
1244 2434 1382 2471 certa
1399 2428 1626 2471 omnium
1647 2441 1815 2473 rerum
1834 2430 2052 2477 scientia

311 2522 589 2566 occurrunt
607 2548 622 2569 ‚
686 2523 787 2575 qua
818 2505 1079 2573 praeditos
1114 2503 1240 2555 deos
1275 2522 1391 2557 cum
1426 2506 1638 2571 reliquis
1676 2523 1855 2557 eorum
1890 2509 2052 2557 culto-

317 2602 319 2604 ·
1911 2589 2051 2638 ribus
