2264 2970
269 244 329 288 ιο

266 340 779 399 εειτηηεεεεοοῃεῐθῒ.
844 328 1024 394 Quid?
1058 328 1230 395 quod
1264 338 1317 377 et
1360 349 1453 388 την
1485 333 1864 402 μεγαλοφωνίαν
1897 333 2039 389 eius,-

267 433 421 484 quam
455 413 785 480 praedicant,
836 407 903 457 ad
948 408 1090 461 illam
1123 410 1372 472 pietatem
1416 411 1733 472 pertinuisse
1777 409 1930 459 haud
1947 425 2026 459 re·

267 495 613 567 pugnaverim.
682 489 788 556 Qui
813 490 953 537 enim
987 487 1115 536 fieri
1138 497 1336 551 potest,
1372 497 1429 536 ut
1460 489 1532 545 is,
1589 490 1679 553 qui
1714 499 1943 547 mentem
1975 492 2031 544 in

269 575 415 625 coelo
450 568 633 629 habet,
687 568 754 616 ad
800 569 1029 623 ieiunam
1072 581 1301 632 unquam
1335 569 1390 614 in
1434 565 1606 619 verbis
1654 570 2034 634 sententiisque

268 653 609 702 humilitatem
643 645 960 703 descendat?

439 779 607 845 Quum
642 787 814 832 autem
850 778 950 825 tria
983 774 1311 841 potissimum
1344 777 1461 834 sint,
1500 792 1564 825 ex
1599 763 1786 842 quilius
1822 776 2034 823 illustris

266 857 356 911 ille
388 863 596 925 pietatis
633 868 685 907 et
718 857 986 920 religionis
1023 871 1200 904 sensus
1251 858 1624 921 perspiciatur,
1687 858 1912 919 primum
1946 869 2032 901 au-

268 951 467 1006 gustam
503 926 745 995 deorum,
782 946 835 985 et
868 938 1151 1001 praecipue
1186 935 1327 988 Jovis
1365 950 1505 993 eam,
1542 951 1697 1001 quam
1732 938 1905 983 animo
1939 951 2033 982 suo

268 1016 591 1093 propositam
623 1016 818 1083 ubique
853 1014 1176 1064 adumbravit
1220 1014 1500 1071 Pindarus,
1561 1013 1841 1077 imaginem
1882 1013 2035 1062 adcu-

271 1105 427 1151 ratius
474 1097 913 1163 contemplemur:
987 1094 1204 1153 deinde,
1270 1092 1401 1160 quid
1442 1093 1508 1143 de
1555 1094 1779 1142 humana
1822 1103 2035 1158 natura,

272 1182 489 1231 deorum
532 1177 745 1227 arbitrio
791 1176 1042 1233 obnoxia,
1101 1186 1153 1225 et
1190 1175 1257 1224 de
1290 1175 1394 1232 his,
1431 1191 1564 1240 quae
1599 1192 1664 1223 ex
1699 1175 1917 1223 deorum
1949 1191 2036 1223 vo-

271 1254 470 1310 luntate
495 1259 578 1309 vel
615 1255 844 1306 cavenda
876 1257 959 1305 vel
996 1254 1236 1305 facienda
1264 1258 1394 1313 sint,
1431 1263 1643 1312 statuat,
1680 1253 1887 1303 uberius
1922 1269 2040 1319 per-

274 1340 572 1408 sequamur:
629 1336 859 1403 denique
904 1336 1112 1402 qualem
1152 1350 1275 1398 erga
1312 1333 1439 1382 deos
1485 1350 1861 1401 usquequaque
1898 1346 1951 1383 et
1984 1350 2040 1382 se

275 1420 603 1486 praebuerit,
653 1426 706 1465 et
737 1417 923 1475 heroes
964 1431 1082 1464 suos
1114 1431 1226 1464 esse
1268 1415 1517 1472 voluerit,
1568 1415 1927 1479 dispiciamus,
1971 1418 2044 1461 ita

281 1500 520 1567 quidem,
555 1508 638 1554 ut,
674 1497 908 1544 collectis
939 1499 993 1541 in
1020 1511 1203 1552 unum,
1240 1510 1374 1559 quae
1401 1497 1456 1540 in
1491 1494 1800 1543 carminibus
1832 1497 1941 1542 eius
1976 1493 2043 1541 ad

281 1596 392 1628 rem
426 1588 653 1625 nostram
687 1573 861 1623 facere
893 1574 1161 1633 videntur,
1212 1578 1445 1640 potiores
1480 1573 1672 1621 deinde
1706 1574 1850 1621 locos
1888 1590 2042 1639 quos-

280 1661 400 1712 'dam
433 1658 709 1723 separatim
737 1654 1152 1712 consideremus,
1189 1654 1483 1716 mythorum
1516 1668 1799 1719 eorumque
1827 1656 2042 1717 originis

282 1750 336 1789 et
367 1737 593 1785 familiae
628 1736 823 1781 nullam
865 1738 1118 1782 rationem
1156 1734 1435 1790 habenteS,
1473 1736 1572 1780 nisi
1608 1744 1861 1798 quatenus
1895 1750 2044 1797 prae-

281 1821 474 1871 clarum
500 1821 688 1882 poetae
722 1815 949 1864 studium
977 1824 1163 1862 cuncta
1191 1817 1245 1861 in
1275 1812 1491 1861 deorum
1523 1814 1854 1863 commodum
1885 1824 2041 1879 atque

280 1900 535 1948 honorem
575 1895 913 1945 convertendi
948 1898 1002 1941 in
1044 1894 1144 1941 illis
1179 1894 1261 1943 vel
1305 1893 1708 1957 interpretandis
1743 1893 1827 1942 vel
1861 1895 2043 1940 immu-

280 1978 449 2032 tandis
483 1976 728 2043 adpareat
747 1977 816 2040 ⁴⁴).
894 1975 1033 2042 Quin
1069 1976 1224 2023 etiam
1258 1973 1721 2040 philosophorum,
1758 1989 1890 2039 quos
1924 1972 2043 2020 Pin·

1862 2054 2043 2102 darum

336 2189 382 2239 ³¹¹)
410 2179 712 2235 Mythologiae
739 2176 993 2217 Pindaricae
1023 2177 1272 2231 specimen,
1330 2176 1447 2229 quod
1478 2176 1641 2229 prodiit
1670 2175 1880 2229 Etlangae
1913 2188 2045 2229 1790,

419 2252 674 2295 inchoatum
703 2248 880 2303 reliquit
914 2249 953 2289 I.
989 2247 1039 2291 C.
1085 2248 1129 2293 F.
1164 2245 1493 2290 Goetschel.
1565 2245 1636 2287 Ad
1666 2259 1743 2295 ea,
1794 2246 1838 2286 in
1883 2237 2054 2301 quibus'

413 2325 517 2365 haec
556 2333 682 2375 opera
723 2327 870 2359 nostra
908 2327 1133 2369 versatur,
1183 2316 1370 2357 conferri
1410 2324 1619 2371 possunt:
1680 2316 2040 2357 Schneider.-

426 2391 623 2437 Versuch
656 2390 760 2430 iiber
790 2390 979 2431 Pindars
1006 2389 1154 2430 Leben
1185 2389 1277 2439 und
1298 2385 1546 2443 Schercen.
1604 2387 1854 2430 Jakobs:
1883 2389 1928 2426 in
1958 2388 2043 2427 den

420 2461 715 2513 Nachtrc'igen
746 2474 799 2500 zu
832 2460 1011 2499 Sulzers
1049 2457 1234 2500 Tlteorie
1264 2459 1405 2500 Bd.1.
1440 2460 1508 2501 Sc.
1527 2472 1562 2502 ι.
1588 2464 1715 2511 ‘rh-49·
1783 2457 1838 2499 H
1844 2456 1943 2498 erd
1953 2471 1974 2499 ε
1989 2471 2039 2498 r:

396 2536 398 2538 ’
425 2532 593 2577 Pindar
623 2533 694 2572 ein
723 2532 836 2573 Bote
865 2531 946 2570 der
978 2532 1154 2574 Go'ccer.
1182 2529 1298 2585 Opp.
1337 2530 1495 2584 p.527.
