2264 2970
1956 224 2015 272 15

302 360 311 365 -
372 338 524 402 fSetl
540 348 598 389 ut
621 340 816 392 nullam
835 343 1046 390 omnino
1078 352 1297 392 aetatem
1329 340 1688 390 incitamentis·
1715 338 1923 404 pietatis
1951 346 2007 386 et

252 419 562 468 adiumentis
590 421 746 487 plane
770 425 994 487 ,caruisse
1025 422 1240 471 historia
1272 425 1391 470 satis
1425 433 1685 487 superque
1713 417 1899 475 docet,
1917 414 2007 469 'ita

250 510 479 549 nostram
501 502 745 566 >inprimis
778 501 880 551 hoc
926 504 1135 556 nomine
1182 504 1438 566 insignem
1470 501 1827 564 illustremque
1862 513 2003 556 esse,

250 596 429 629 omnes
465 572 750 648 fateantur,
798 593 1009 641 necesse
1043 572 1136 639 est..
1218 582 1362 630 Dum
1406 585 1545 631 enim
1587 583 1784 629 recenti
1830 580 2003 629 adhuc

247 662 497 708 memoria
529 663 730 724 vigent,
764 677 898 728 quae
921 665 1169 728 proximis
1198 663 1343 710 annis
1374 660 1619 724 singulari
1648 652 1852 709 divinae
1877 674 1999 724 pro-

247 740 536 794 videntiae
565 754 781 795 munere
840 752 1045 807 praeter
1099 746 1328 791 omnium
1376 755 1525 807 'spem
1575 743 1997 805 opinionemque

247 835 467 877 evenere
485 838 498 876 ;
534 823 636 874 iam
671 819 892 875 redeunt
922 825 1073 880 tertia
1104 822 1399 872 faustissimi
1433 823 1571 870 illius
1599 823 1848 884 temporis
1883 835 1994 868 sae-

246 900 461 959 cularia,
515 916 620 968 quo
670 901 947 952 christiana
978 902 1212 955 doctrina
1256 903 1321 953 ad
1367 906 1587 970 priscam
1620 902 1991 969 purioremque

243 984 496 1029 rationem
541 991 729 1047 coepta
762 992 840 1030 est
882 987 1122 1033 revocari.
1188 983 1332 1051 Quae
1368 982 1580 1050 quidem
1614 983 1845 1030 salutaris
1878 986 1992 1052 opi-

243 1065 458 1115 nionum
492 1065 761 1111 conversio
795 1079 954 1128 quum
972 1080 1088 1111 non
1133 1063 1197 1113 ab
1248 1079 1504 1111 armorum
1543 1065 1740 1125 impetu
1785 1077 1846 1110 ac
1889 1072 1992 1111 ter-

242 1157 389 1198 rore,
436 1141 545 1195 sed
579 1142 642 1190 ab
675 1145 874 1205 ingenii
908 1147 1168 1209 animique
1199 1148 1249 1192 vi
1289 1160 1395 1190 non
1435 1145 1546 1189 sine
1591 1141 1760 1189 valido
1794 1143 1988 1191 littera-.

240 1217 353 1277 rum
387 1222 578 1270 auxilio
611 1219 846 1288 profecta
880 1225 971 1282 sit,
1024 1223 1117 1274 sub
1150 1224 1516 1287 Angustissimi
1551 1230 1603 1270 et
1635 1220 1989 1273 Potentissimi

240 1301 401 1365 Regis
450 1305 612 1358 nostri
647 1305 888 1367 auspiciis
933 1306 1045 1352 iure
1087 1307 1376 1370 meritoque
1421 1303 1688 1352 decretum
1734 1313 1838 1361 est,
1894 1292 1998 1362 ut,v

240 1391 529 1448 postquam3
549 1398 644 1447 per
678 1383 901 1438 triduum
935 1385 1337 1449 supplicationes
1372 1385 1734 1447 orationesque
1767 1385 1821 1429 in
1853 1391 1989 1441 tem-t

237 1462 338 1525 plis
374 1450 671 1526 scholisque
705 1462 908 1510 habitae
955 1462 1173 1522 fuerint,
1228 1467 1529 1511 universitas
1575 1471 1750 1509 nostra
1795 1467 1979 1527 quarto

243 1541 329 1589 die
378 1550 430 1589 et
465 1541 698 1590 salutaris
732 1541 883 1597 *illius
917 1536 1293 1600 conversionis,
1361 1552 1414 1590 et
1458 1544 1566 1593 eius
1614 1539 1755 1599 Viri,
1815 1558 1981 1608 quem

235 1619 384 1669 Deus
419 1620 479 1668 T.
514 1619 573 1666 Ο.
608 1619 684 1668 Μ.
718 1624 1055 1686 praecipuum
1088 1629 1348 1670 auctorem
1381 1636 1493 1669 esse
1524 1620 1716 1678 voluit,
1771 1623 1978 1670 immor-

234 1700 351 1747 talis
377 1693 612 1757 Lutheri,
646 1703 945 1748 memoriam
978 1705 1074 1749 rite
1105 1702 1344 1750 celebret.
1407 1701 1639 1748 Solemni
1673 1702 1828 1760 igitur
1854 1701 1979 1748 Pro-

233 1776 511 1837 fessorum,
580 1780 871 1829 Doctorum
920 1784 1232 1846 privatorum
1254 1819 1269 1840 ‚
1335 1780 1601 1842 Gymnasii
1649 1778 1979 1842 Collegarum

236 1869 290 1908 et
323 1858 747 1907 Commilitonum
795 1870 1110 1919 nostrorum,
1165 1876 1357 1925 pompa
1399 1859 1464 1909 ab
1512 1858 1803 1907 academica
1836 1863 1978 1909 curia

235 1942 374 1988 circa
396 1928 577 1986 aedem
606 1948 833 1986 nostram
855 1942 909 1986 in
938 1940 1244 1988 auditorium
1269 1939 1549 2005 publicum,
1576 1938 1712 1985 hunc
1736 1941 1789 1984 in
1815 1939 1976 1989 finem

234 2019 513 2068 studiosius
548 2028 866 2077 exornatum,
895 2019 1063 2078 ducta,
1098 2030 1299 2068 actuum
1332 2021 1612 2067 interiectis
1638 2020 1975 2069 concentibus

235 2102 443 2148 musicis
479 2097 528 2145 h.
552 2098 615 2165 X.
651 2098 1083 2148 instituendorum
1116 2101 1200 2149 hic
1234 2103 1331 2150 erit
1363 2089 1528 2149 ordo?

335 2259 389 2323 1)
421 2256 492 2306 D.
536 2257 688 2308 Lvn.
722 2259 1029 2322 Hmmm,
1076 2265 1190 2309 Lite.
1231 2265 1392 2314 Graec.
1432 2274 1476 2308 et
1503 2264 1662 2308 Latin,
1697 2264 1753 2309 P.
1792 2262 1848 2308 P.
1888 2261 1973 2316 0.,

431 2339 663 2387 oratione
697 2355 790 2388 sua
815 2340 997 2392 laudes
1028 2343 1245 2390 Lutheri
1278 2340 1585 2395 celebr-abin

1820 2589 1871 2643 α)
1900 2583 1970 2632 D.
